@article{cnn,
  title={An introduction to convolutional neural networks},
  author={O'Shea, Keiron and Nash, Ryan},
  journal={arXiv preprint arXiv:1511.08458},
  year={2015}
}
@article{welch,
  title={Windowing techniques, the welch method for improvement of power spectrum estimation},
  author={Jwo, Dah-Jing and Chang, Wei-Yeh and Wu, I-Hua},
  journal={CMC-Computers Materials \& Continua},
  year={2021},
  publisher={TECH SCIENCE PRESS}
}
@article{anomaly_detection,
  title={Robusttad: Robust time series anomaly detection via decomposition and convolutional neural networks},
  author={Gao, Jingkun and Song, Xiaomin and Wen, Qingsong and Wang, Pichao and Sun, Liang and Xu, Huan},
  journal={arXiv preprint arXiv:2002.09545},
  year={2020}
}
@misc{sphinx,
      title={Sphinx Project},
      url={https://www.sphinx-doc.org/en/master/},
}
@book{clean_code,
  title={Clean Code in Python: Refactor your legacy code base},
  author={Anaya, Mariano},
  year={2018},
  publisher={Packt Publishing Ltd}
}
@article{kalman,
  title={The Kalman filter: An introduction to concepts},
  author={Maybeck, Peter S},
  journal={Autonomous robot vehicles},
  pages={194--204},
  year={1990},
  publisher={Springer}
}
@article{structural,
  title={Forecasting, structural time series models and the Kalman filter},
  author={Harvey, Andrew C},
  year={1990},
  publisher={Cambridge university press}
}
@book{chatfield,
    title = {The Analysis of Time Series},
    subtitle = {An Introduction With R},
    author = {Chatfield, C. and Xing, H.},
    publisher = {CRC Press},
    year = {2019}
}

@book{box,
    title = {Time Series Analysis},
    subtitle = {Forecasting and Control},
    author = {Box, G. and Jenkins, G.},
    publisher = {Wiley},
    year = {2016}
}

@book{hamilton,
    title = {Time Series Analysis},
    author = {J. Hamilton},
    publisher = {Princeton University Press},
    year = {1994}
}

@book{metcalfe,
    title = {Introductory Time Series with R},
    author = {Metcalfe, A. and Cowpertwait, P.},
    publisher = {Springer},
    year = {2009}
}

@book{stoffer,
    title = {Time Series Analysis and Its Applications},
    author = {D. Stoffer, R. Shumway},
    publisher = {Springer},
    year = {2017}
}

@book{athana,
    title = {Forecasting: Principles and Practice},
    author = {Athanasopoulos, G. and Hyndman, R.},
    publisher = {O'Reily},
    year = {2018}
}

@book{aguirre,
    title = {Introdução à Identificação de Sistemas. Técnicas Lineares e não Lineares Aplicadas a Sistemas. Teoria e Aplicação},
    author = {Aguirre, L. A.},
    publisher = {UFMG},
    year = {2015}
}

@book{montgomery,
    title = {Introduction to Time Series Analysis and Forecasting},
    author = {D. Montgomery},
    publisher = {Wiley},
    year = {2015}
}

@book{morettin,
  title={Econometria financeira: um curso em s{\'e}ries temporais financeiras},
  author={Morettin, Pedro A},
  year={2017},
  publisher={Editora Blucher}
}
@book{x11,
    title = {Seasonal Adjustment with the X-11 method},
    author = {Ladiray, D. and Quenneville, B.},
    publisher = {Springer},
    year = {2001}
}

@book{SEATS,
    title = {Seasonal Adjustment Methods and Real Time Trend-Cycle Estimation},
    author = {Biancionini, S.},
    publisher = {Springer},
    year = {2016}
}

@book{wold,
    title = {A Study In the Analysis of Stationary Time Series},
    author = {Wold, H.},
    publisher = {Alqwist \& Wiskell},
    year = {1954}
}

@article{hydman,
  title={Characteristic-based clustering for time series data},
  author={Wang, Xiaozhe and Smith, Kate and Hyndman, Rob},
  journal={Data mining and knowledge Discovery},
  volume={13},
  number={3},
  pages={335--364},
  year={2006},
  publisher={Springer}
}

@book{random_data,
    title = {Random Data Analysis and Measurement Procedures},
    author = {Bendat, J. and Piersol, G.},
    publisher = {John Wiley \& Sons},
    year = {2000}
}

@article{quadratic_freq_representation,
    title = {Linear and Quadratic Time-Frequency Signal Representations},
    author = {Hlawatsch, F. and Boudreaux-Bartels, G. F.},
    publisher = {IEEE Signal Processing Magazine},
    year = {1992}
}

@article{tfr_comparison,
    title = {Fourier, Gabor, Morlet or Wigner: Comparison of Time-Frequency Transforms},
    author = {School, S.},
    publisher = {arXiv},
    year = {2021}
}

@misc{hyndman_long_season,
      title={Forecasting with long seasonal periods},
      url={https://robjhyndman.com/hyndsight/longseasonality/},
      journal={Hyndsight},
      author={Hyndman, Rob},
      year={2014},
      month={Mar}
}

@misc{hyndman_weekly,
      title={Forecasting Weekly Data},
      url={https://robjhyndman.com/hyndsight/longseasonality/},
      journal={Hyndsight},
      author={Hyndman, Rob},
      year={2014},
      month={Mar}
}

@book{seasonal_modelling,
  title={Modelling seasonality},
  author={Hylleberg, Svend},
  year={1992},
  publisher={Oxford University Press}
}

@book{aic,
  title={Regression and time series model selection},
  author={McQuarrie, Allan DR and Tsai, Chih-Ling},
  year={1998},
  publisher={World Scientific}
}

@article{martinez,
  title={Tunable hyperbolic Cohen-class kernel for cross-term diminishing in time--frequency distributions},
  author={Martinez-Herrera, Ana L and Ledesma-Carrillo, Luis M and Ferrucho-Alvarez, Edna R and Lopez-Ramirez, Misael and Rodriguez-Donate, Carlos and Cabal-Yepez, Eduardo},
  journal={Mechanical Systems and Signal Processing},
  volume={186},
  pages={109850},
  year={2023},
  publisher={Elsevier}
}

@book{porat,
  title={Digital processing of random signals: theory and methods},
  author={Porat, Boaz},
  year={2008},
  publisher={Courier Dover Publications}
}
